%@online{biblatex,
%  author = {Philipp Lehman},
%  title = {The biblatex Package},
%  year = 2016,
%  url = {http://linorg.usp.br/CTAN/macros/latex/contrib/biblatex/doc/biblatex.pdf},
%  urldate = {2017-04-23}
%}
%%the reference above is an example%%


@manual{lca,
    title           = {Life Cycle Assessment},
    author          = {Allan Astrup Jensen and Leif Hoffman  Birgitte and T. Møller Anders Schmidt},
    organization    = {dk-TEKNIK Energy \& Environment},
    address         = {Denmark},
    edition         = 6,
    month           = 8,
    year            = 1997,
    note            = {European Environment Agency}
}

@manual{costprofit,
    title           = {Cost \& Business Model Analysis
for Civilian UAV Missions},
    author          = {},
    organization    = {Moiré Incorporated},
    address         = {Issaquah, Washington},
    edition         = {},
    month           = {6},
    year            = {2004},
    note            = {}
}

@manual{c2c,
  title        = {Overview of the Cradle to Cradle Certified\textsuperscript{CM} Product Standard},
  author       = {}, 
  organization = {McDonough Braungart Design Design Chemistry},
  address      = {1001 E Market St \# 200, Charlottesville, VA 22902, USA},
  edition      = 3,
  month        = 12,
  year         = 2012,
  note         = {Written in collaboration with Environmental Protection Encouragement Agency}
}


@manual{dseguide,
  title        = {Project Guide Design Synthesis Exercise},
  author       = {J. Sinke}, 
  organization = {TU Delft},
  address      = {},
  edition      = 1,
  month        = 4,
  year         = 2017,
  note         = {}
}

@book{market,
   author = {K.E. Boon and D.C. Lovelace, Jr.},
   year = {2014},
   title = {The Domestic Use of Unmanned Aerial Vehicles},
   publisher = {Oxford University Press},
   address = {New York}
}

@Misc{SE_notes_2006,
  title = {Systems Engineering \& Technical management techniques Lecture Notes part 1},
  month = {September},
  year  = {2006},
}

@techreport{baseline,
    author      = {de Jong et al},
    title       = {Baseline Report},
    institution = {TU Delft},
    month       = {May},
    year        = {2017}
}
    
@techreport{vanderover,
  author       = {J. S. Vanderover}, 
  title        = {Analysis of a Contra-Rotating Propeller Driven Transport Aircraft},
  institution  = {Clarkson University},
  address      = {Potsdam, New York, 13699-5725},
}

@techreport{pranbox,
    author      = {Prof. Aldo Frediani},
    title       = {The Prandtl Wing},
    institution = {Pisa University},
    address     = {Italy}
}

@article{reliability,
    author  = {D. Pettit, A. Turnbull},
    title   = {General Aviation Aircraft Reliability Study},
    year    = {2001},
    address = {Langley Research Centre, Hampton, Virginia},
    organisation = {NASA}
}

@article{Oswald,
    author  = {D. Luciano, D. Antonio, M. Giovanni, C. Rauno},
    title   = {An invariant formulation for the minimum induced drag conditions for non\-planar wing systems},
    year    = {2014},
    address = {National Harbor, Maryland},
    organisation = {AIAA SciTech}
}
    
@techreport{princeton,
    author = {Office of Technology Assessment, U.S. Congress},
    title  = {New ways : tiltrotor aircraft and magnetically levitated vehicles},
    address = {Washington, DC}, 
    date   = {1991}
}

@techreport{ran_end,
    author = {Lance W. Traub},
    title = {Range and Endurance Estimates for Battery-Powered Aircraft},
    institution = {Embry-Riddle Aeronautical University},
    date = {March 2011}
}

@techreport{uav_weight,
  author       = {Zhang Weil, Khayyam Masood}, 
  title        = {Research on Method of Analytical Wing Preliminary Weight Estimation for Light Weight UAV},
  institution  = {Schoolof Aeronautics, Northwestern Polytechnical University, Xi 'an, Shaanxi Province, P.R. China},
  year         = 2017,
  month        = 1
}

@inbook{drag_ch3,
  author       = {Sadraey M}, 
  title        = {Aircraft Performance Analysis},
  chapter      = 3,
  publisher    = {VDM Verlag Dr. Müller},
  year         = 2009
}

@book{aero_vstol,
  author    = {Barnes W. McCormick, Jr.}, 
  title     = {Aerodynamics of V/STOL Flight},
  publisher = {Dover Publications},
  year      = 1999,
  address   = {31 East 2nd Street, Mineola, N.Y. 11501},
  isbn      = {0-486-40460-9}
}

@techreport{prandtl,
  title      = {Box Wing Aircraft Conceptual Design},
  author     =  {Paul O. Jemitola, John P. Fielding},
  institution= {Department of Aerospace Engineering, Cranfield University}
}



@misc{naca_series, 
  title        = {The NACA Airfoil Series},
  note         = {In .pdf form}
}

@book{aircraft_design,
   author = {Daniel P. Raymer},
   year = {1992},
   note = {page 84},
   title = {Aircraft Design: A Conceptual Approach},
   publisher = {American Institute of Aeronautics and Astronautics},
   address = {Washington, D.C.}
}

@techreport{diskloading,
  title      = {Data and Performances of Selected Aircraft and Rotorcraft},
  author     =  {Antonio Filippone},
  institution= {Department of Energy Engineering, Technical University of Denmark}
}

@article{prandtl_noise,
  author  = {Prof. Aldo Frediani}, 
  title   = {The Prandtl Wing},
  year    = 2005,
  month   = 6
}

@misc{USLCI,
  author       = {Peter Isley}, 
  title        = {The US Life Cycle Inventory Database},
  howpublished = {Excel sheet},
  year         = 2013,
  note         = {This is an excel sheet}
}

@InProceedings{Wei_2017,
  author    = {Zhang Wei and Khayyam Masood},
  title     = {Research on method of analytical wing preliminary weight estimation for light weight {UAV}},
  booktitle = {2017 14th International Bhurban Conference on Applied Sciences and Technology ({IBCAST})},
  year      = {2017},
  month     = {jan},
  publisher = {{IEEE}},
  doi       = {10.1109/ibcast.2017.7868039},
}

@Misc{fd_lec08,
  author = {Marc Naeije and Erwin Mooij},
  title  = {AE3212-I Aerospace Flight Dynamics and Simulation Lecture Notes 8},
  year   = {2016},
}